%% This bibliography was created by Kristina Yancey.
%% List for NUEN 678 term paper.

@article{Algo2014,
	Author = {Algora, A. and Jordan, D. and	Ta\'{i}n, J.L. and	Rubio, B. and Agramunt, J. and Caballero, L. and N\'{a}cher, E. and Perez-Cerdan, A.B. and Molina, F. and Estevez, E. and Valencia, E. and Krasznahorkay, A. and Hunyadi, M.D. and Guly\'{a}s, J. and Vit\'{e}z, A. and Csatl\'{o}s, M. and Csige, L. and Eronen, T. and Rissanen, J. and Saastamoinen, A. and Moore, I.D. and Penttil\"{a}, H. and Kolhinen, V.S. and Burkard, K. and Huller, W. and Batist, L. and Gelletly, W. and Nichols, A.L. and Yoshida, T. and Sonzogni, A.A. and Per\"{a}j\"{a}rvi, K.},
	Journal = {Hyperfine Interactions},
	Pages = {245--252},
	Title = {Decay heat studies for nuclear energy},
	Volume = {223},
	Year = {2014},
	doi = {10.1007/s10751-012-0623-6}}
	
@techreport{ansi2005,
	Institution = {American Nuclear Society},
	Number = {ANSI/ANS-5.1-2005},
	Title = {American National Standard for Decay Heat Power in Light Water Reactors},
	Year = {2005}}
	
@techreport{Brac2007,
	Author = {Bracken, D. S. and Rudy, C. R.},
	Institution = {Los Alamos National Laboratory},
	Number = {LA-UR-07-5226},
	Title = {Principles and applications of calorimetric assay},
	BookTitle = {Passive Nondestructive Assay Manual - PANDA},
	url = {http://www.lanl.gov/orgs/n/n1/panda/index.shtml}}
	
@article{Chad2011,
	Author = {M.B. Chadwick and M. Herman and P. Obložinský and M.E. Dunn and Y. Danon and A.C. Kahler and D.L. Smith and B. Pritychenko and G. Arbanas and R. Arcilla and R. Brewer and D.A. Brown and R. Capote and A.D. Carlson and Y.S. Cho and H. Derrien and K. Guber and G.M. Hale and S. Hoblit and S. Holloway and T.D. Johnson and T. Kawano and B.C. Kiedrowski and H. Kim and S. Kunieda and N.M. Larson and L. Leal and J.P. Lestone and R.C. Little and E.A. McCutchan and R.E. MacFarlane and M. MacInnes and C.M. Mattoon and R.D. McKnight and S.F. Mughabghab and G.P.A. Nobre and G. Palmiotti and A. Palumbo and M.T. Pigni and V.G. Pronyaev and R.O. Sayer and A.A. Sonzogni and N.C. Summers and P. Talou and I.J. Thompson and A. Trkov and R.L. Vogt and S.C. van der Marck and A. Wallner and M.C. White and D. Wiarda and P.G. Young},
	Journal ={Nuclear Data Sheets},
	Pages = {2887--2996},
	Title = {ENDF/B-VII.1 Nuclear Data for Science and Technology: Cross Sections, Covariances, Fission Product Yields and Decay Data},
	Volume = {112},
	Year = {2011},
	doi = {http://dx.doi.org/10.1016/j.nds.2011.11.002},
	url = {http://www.sciencedirect.com/science/article/pii/S009037521100113X},
	issn = {0090-3752}}
	
@article{Fior2014,
	Author = {Fiorito, L. and Diez, C. J. and Cabellos, O. and Stankovskiy, A. and Van den Eynde, G. and Labeau, P. E.},
	Journal = {Annals of Nuclear Energy},
	Pages = {331--343},
	Title = {Fission yield covariance generation and uncertainty propagation through fission pulse decay heat calculation},
	Volume = {69},
	Year = {2014},
	doi = {10.1016/j.anucene.2014.01.038},
	url = {http://dx.doi.org/10.1016/j.anucene.2014.01.038}}
	
@techreport{Gaul2010,
	Author = {Gauld, I. C. and Ilas, G. and Murphy, B. D. and Weber, C. F.},
	Institution = {U.S. Nuclear Regulatory Commission; Oak Ridge National Laboratory},
	Number = {NUREG/CR-6972; ORNL/TM-2008/015},
	Title = {Validation of SCALE 5 Decay Heat Predictions for LWR Spent Nuclear Fuel},
	Address = {Oak Ridge, TN},
	Year = {2010}}
	
@article{Hard1977,
	Author = {Hardy, J. C. and Carraz, L. C. and Jonson, B. and Hansen, P. G.},
	Journal = {Physics Letters B},
	Number = {2},
	Pages = {307--310},
	Title = {The essential decay of pandemonium: A demonstration of errors in complex beta-decay schemes},
	Volume = {71}
	Year = {1977}}
	
@proceedings{Ilas2006,
	Author = {Ilas, G. and Gauld, I. C.},
	Title = {Analysis of decay heat measurements for BWR fuel assemblies},
	BookTitle = {2006 Annual Meeting},
	Volume = {94},
	Series = {Transactions of the American Nuclear Society},
	Publisher = {American Nuclear Society},
	Address = {Reno, NV},
	Year = {2006}}

@book{Knol2000,
	Author = {Knoll, Glenn F.},
	Date-Added = {2010-01-15 14:52:06 -0500},
	Date-Modified = {2010-01-15 14:52:06 -0500},
	Edition = {3rd},
	Publisher = {John Wiley \& Sons, Inc.},
	Title = {Radiation Detection and Measurement},
	Year = {2000}}
	
@techreport{Nich2002,
    Author = {Nichols, A. L.},
	Date-Added = {2002-02-25},
	Date-Modified = {2002-02-25},
	Institution = {Department of Nuclear Sciences and Applications, International Atomic Energy Agency},
	Number = {LNS0520003},
	Title = {Nuclear Data Requirements for Decay Heat Calculations},
	Year = {2002}}

@article{Oyam2001,
	Author = {Oyamatsu, Kazuhiro and Takeuchi, Hiroki and Sagisaka, Mitsuyuki and Katakura, Jun-ichi},
	Date-Added = {2001-07-01}
	Journal = {Journal of Nuclear Science and Technology},
	Number = {7},
	Pages = {477--487},
	Title = {New Method for Calculating Aggregate Fission Product Decay Heat with Full Use of Macroscopic-Measurement Data},
	Volume = {38},
	Year = {2001}}
	
@article{Tobi1980,
	Author = {Tobias, A.},
	Date-Added = {1979-08-01},
	Date-Modified = {1979-08-01},
	Journal = {Progress in Nuclear Energy},
	Number = {1},
	Pages = {1--93},
	Title = {Decay Heat},
	Volume = {5},
	Year = {1980}}
	
@techreport{Tobi1989,
	Author = {Tobias, A.},
	Institution = {Central Electicity Generating Board, Berkeley Nuclear Labs},
	Number = {CEGB RD/B/6210/R89},
	Title = {Derivation of decay heat benchmarks for U235 and Pu239 by a least squares fit to measured data},
	Year = {1989}}

@article{Way1948,
  	Title = {The Rate of Decay of Fission Products},
  	Author = {Way, K. and Wigner, E. P.},
  	Journal = {Physical Review},
  	Volume = {73},
  	Issue = {11},
  	Pages = {1318--1330},
    Year = {1948},
  	Publisher = {American Physical Society},
  	doi = {10.1103/PhysRev.73.1318},
  	url = {http://link.aps.org/doi/10.1103/PhysRev.73.1318}}

@article{Will2006,
	Author = {Christofer Willman and Ane H\aa{}kansson and Otasowie Osifo and Anders B\"{a}cklin and Staffan Jacobsson Sv\"{a}rd},
	Title = {Nondestructive assay of spent nuclear fuel with gamma-ray spectroscopy},
	Journal = {Annals of Nuclear Energy},
	Volume = {33},
	Number = {5},
	Pages = {427 - 438},
	Year = {2006},
	issn = {0306-4549},
	doi = {http://dx.doi.org/10.1016/j.anucene.2005.12.005},
	url = {http://www.sciencedirect.com/science/article/pii/S0306454905002847}}

@article{Yosh1999,
	Author = {Yoshida, Tadashi and Tachibana, Takahiro and Storrer, Francois and Oyamatsu, Kazuhiro and Katakura, Jun-ichi}
	Date-Added = {1999-02-01},
	Journal = {Journal of Nuclear Science and Technology},
	Number = {2},
	Pages = {135--142},
	Title = {Possible Origin of the Gamma-ray Discrepancy in the Summation Calculations of Fission Product Decay Heat},
	Volume = {36},
	Year = {1999}}